<record><leader>00000cas a22000007a 4500</leader><controlfield tag="001">11888835</controlfield><controlfield tag="008">850405d18731878txuwr ne      0    0eng d</controlfield><datafield ind1=" " ind2=" " tag="010"><subfield code="a">sn 85033344 </subfield></datafield><datafield ind1=" " ind2=" " tag="040"><subfield code="a">NPU</subfield><subfield code="b">eng</subfield><subfield code="c">NPU</subfield><subfield code="d">PPM</subfield><subfield code="d">OCLCQ</subfield></datafield><datafield ind1=" " ind2=" " tag="042"><subfield code="a">msc</subfield></datafield><datafield ind1="0" ind2="0" tag="245"><subfield code="a">Corpus Christi weekly gazette.</subfield></datafield><datafield ind1=" " ind2=" " tag="260"><subfield code="a">Corpus Christi, Tex. :</subfield><subfield code="b">Barnard &amp; Son,</subfield><subfield code="c">1873-</subfield></datafield><datafield ind1=" " ind2=" " tag="300"><subfield code="a">v. ;</subfield><subfield code="c">62 cm.</subfield></datafield><datafield ind1=" " ind2=" " tag="310"><subfield code="a">Weekly</subfield></datafield><datafield ind1="0" ind2=" " tag="362"><subfield code="a">Vol. 1, no. 1 (Jan. 4, 1873)-</subfield></datafield><datafield ind1="1" ind2=" " tag="362"><subfield code="a">Ceased in 1878?</subfield><subfield code="z">Cf. NIM, 1948-1972.</subfield></datafield><datafield ind1=" " ind2=" " tag="752"><subfield code="a">United States</subfield><subfield code="b">Texas</subfield><subfield code="c">Nueces</subfield><subfield code="d">Corpus Christi.</subfield></datafield><datafield ind1="0" ind2=" " tag="775"><subfield code="t">Corpus Christi daily gazette</subfield><subfield code="w">(DLC)sn 86088523</subfield></datafield><datafield ind1="0" ind2="0" tag="780"><subfield code="t">Corpus Christi weekly advertiser</subfield><subfield code="w">(DLC)sn 86088928</subfield></datafield></record>